<?xml version="1.0" encoding="UTF-8"?><collection><record><leader>01891ntm a2200373 a 4500</leader><controlfield tag="001">002641737</controlfield><controlfield tag="003">MiAaHDL</controlfield><controlfield tag="005">20190719000000.0</controlfield><controlfield tag="006">m        d        </controlfield><controlfield tag="007">cr bn ---auaua</controlfield><controlfield tag="008">930712s1725    xx            00| | ara d</controlfield><datafield tag="035" ind1=" " ind2=" "><subfield code="a">(MiU)002641737</subfield></datafield><datafield tag="035" ind1=" " ind2=" "><subfield code="a">sdr-miu002641737</subfield></datafield><datafield tag="035" ind1=" " ind2=" "><subfield code="a">(OCoLC)34366805</subfield></datafield><datafield tag="035" ind1=" " ind2=" "><subfield code="a">(RLIN)MIUH93-A207</subfield></datafield><datafield tag="040" ind1=" " ind2=" "><subfield code="a">MiU</subfield><subfield code="c">MiU</subfield><subfield code="e">appm</subfield></datafield><datafield tag="100" ind1="0" ind2=" "><subfield code="6">880-01</subfield><subfield code="a">İsmail Hakkı,</subfield><subfield code="c">Bursalı,</subfield><subfield code="d">1653-1724 or 1725.</subfield></datafield><datafield tag="245" ind1="1" ind2="0"><subfield code="6">880-02</subfield><subfield code="a">Hādhā tafsīr al-juzʼ al-akhīr :</subfield><subfield code="k">manuscript,</subfield><subfield code="f">[1725].</subfield></datafield><datafield tag="260" ind1=" " ind2=" "><subfield code="c">[1725].</subfield></datafield><datafield tag="300" ind1=" " ind2=" "><subfield code="a">1</subfield><subfield code="f">v. ([600] p.) ;</subfield><subfield code="c">23 cm.</subfield></datafield><datafield tag="500" ind1=" " ind2=" "><subfield code="a">Text rubricated; illuminated ʻunwān on p. [1]; text enclosed within red borders; extensive marginal notes; small inserted leaves.</subfield></datafield><datafield tag="500" ind1=" " ind2=" "><subfield code="a">Date in colophon.</subfield></datafield><datafield tag="510" ind1="4" ind2=" "><subfield code="a">Knysh, Alexander. "Sufism and the Qur’an," In The Encyclopaedia of the Qur’an, vol.5, ed. J. McAuliffe (Leiden: E.J. Brill, 2006):</subfield><subfield code="c">137-159.</subfield></datafield><datafield tag="510" ind1="4" ind2=" "><subfield code="a">EI2,</subfield><subfield code="c">v. iv, p. 191a</subfield></datafield><datafield tag="520" ind1=" " ind2=" "><subfield code="a">"Commentary on Surahs 78-114 of the Koran." Cataloging by William Hoyt Worrell, 1925. These sūrahs are section 30 of the Koran, the last of the sections [juzʼ] into which it is divided.</subfield></datafield><datafield tag="538" ind1=" " ind2=" "><subfield code="a">Mode of access: Internet.</subfield></datafield><datafield tag="541" ind1=" " ind2=" "><subfield code="d">1924</subfield><subfield code="3">Manuscript</subfield><subfield code="a">Anonymous</subfield><subfield code="c">Purchase, 1924</subfield><subfield code="h">$50.00</subfield></datafield><datafield tag="545" ind1=" " ind2=" "><subfield code="a">Turkish scholar and moralist, philosopher and ethicist; wrote mostly on Ṣūfism and akhlāq (ethics).</subfield></datafield><datafield tag="561" ind1=" " ind2=" "><subfield code="a">Purchased in Cairo, 1924. Once part of the personal manuscript collection of Sultan Abdülhamid II of Turkey.</subfield></datafield><datafield tag="650" ind1=" " ind2="0"><subfield code="a">Manuscripts, Arabic</subfield><subfield code="z">Michigan</subfield><subfield code="z">Ann Arbor.</subfield></datafield><datafield tag="700" ind1="0" ind2=" "><subfield code="a">Abdülhamid</subfield><subfield code="b">II,</subfield><subfield code="c">Sultan of the Turks,</subfield><subfield code="d">1842-1918,</subfield><subfield code="e">former owner.</subfield></datafield><datafield tag="773" ind1="0" ind2=" "><subfield code="a">Abdul Hamid Collection.</subfield><subfield code="w">(CStRLIN)MIUH92-A187.</subfield></datafield><datafield tag="880" ind1="1" ind2="0"><subfield code="6">245-02/</subfield><subfield code="a">هذا تفسير الجزء الأخير :</subfield><subfield code="k">manuscript،</subfield><subfield code="f">[1725].</subfield></datafield><datafield tag="880" ind1="0" ind2=" "><subfield code="6">100-01/</subfield><subfield code="a">اسماعيل حقي برصلي.</subfield></datafield><datafield tag="CID" ind1=" " ind2=" "><subfield code="a">002641737</subfield></datafield><datafield tag="DAT" ind1="0" ind2=" "><subfield code="a">20190719102633.0</subfield><subfield code="b">20190719000000.0</subfield></datafield><datafield tag="DAT" ind1="1" ind2=" "><subfield code="a">20190719090653.0</subfield><subfield code="b">2019-07-19T16:10:46Z</subfield></datafield><datafield tag="DAT" ind1="2" ind2=" "><subfield code="a">2015-10-10T18:00:06Z</subfield></datafield><datafield tag="CAT" ind1=" " ind2=" "><subfield code="a">SDR-MIU</subfield><subfield code="d">EX LIBRIS - ALEPH</subfield><subfield code="l">prepare.pl-004-008</subfield></datafield><datafield tag="FMT" ind1=" " ind2=" "><subfield code="a">BK</subfield></datafield><datafield tag="HOL" ind1=" " ind2=" "><subfield code="0">sdr-miu002641737</subfield><subfield code="a">MiU</subfield><subfield code="b">SDR</subfield><subfield code="c">MIU</subfield><subfield code="p">mdp.39015081446158</subfield><subfield code="s">MIU</subfield><subfield code="1">002641737</subfield></datafield><datafield tag="974" ind1=" " ind2=" "><subfield code="b">MIU</subfield><subfield code="c">MIU</subfield><subfield code="d">20190719</subfield><subfield code="s">lit-dlps-dc</subfield><subfield code="u">mdp.39015081446158</subfield><subfield code="y">1725</subfield><subfield code="r">pd</subfield><subfield code="q">bib</subfield><subfield code="t">non-US bib date1 &lt; 1879</subfield></datafield></record></collection>